@misc{needell2021embracing,
      title={Embracing New Techniques in Deep Learning for Estimating Image Memorability}, 
      author={Coen D. Needell and Wilma A. Bainbridge},
      year={2021},
      eprint={2105.10598},
      archivePrefix={arXiv},
      primaryClass={cs.CV}
}
